@Misc{rubis,
  title =        {{UK} List of {\TeX} Frequently Asked Questions},
  author =       {{UK \TeX{} Users Group}},
  year =         2019,
  howpublished = {\url{https://texfaq.org}}
}
@Manual{mape-k,
	title =        {The \textsf{amsart}, \textsf{amsproc}, and
	\textsf{amsbook} document~classes},
	author =       {Michael Downes and Barbara Beeton},
	organization = {American Mathematical Society},
	year =         2004,
	month =        aug,
	note =         {\url{http://www.ctan.org/pkg/amslatex}}
}
@Manual{GA,
	title =        {The \textsf{amsart}, \textsf{amsproc}, and
	\textsf{amsbook} document~classes},
	author =       {Michael Downes and Barbara Beeton},
	organization = {American Mathematical Society},
	year =         2004,
	month =        aug,
	note =         {\url{http://www.ctan.org/pkg/amslatex}}
}
@Manual{GA,
	title =        {The \textsf{amsart}, \textsf{amsproc}, and
	\textsf{amsbook} document~classes},
	author =       {Michael Downes and Barbara Beeton},
	organization = {American Mathematical Society},
	year =         2004,
	month =        aug,
	note =         {\url{http://www.ctan.org/pkg/amslatex}}
}
@Manual{GA,
	title =        {The \textsf{amsart}, \textsf{amsproc}, and
	\textsf{amsbook} document~classes},
	author =       {Michael Downes and Barbara Beeton},
	organization = {American Mathematical Society},
	year =         2004,
	month =        aug,
	note =         {\url{http://www.ctan.org/pkg/amslatex}}
}
@Manual{GA,
	title =        {The \textsf{amsart}, \textsf{amsproc}, and
	\textsf{amsbook} document~classes},
	author =       {Michael Downes and Barbara Beeton},
	organization = {American Mathematical Society},
	year =         2004,
	month =        aug,
	note =         {\url{http://www.ctan.org/pkg/amslatex}}
}
@Manual{GA,
	title =        {The \textsf{amsart}, \textsf{amsproc}, and
	\textsf{amsbook} document~classes},
	author =       {Michael Downes and Barbara Beeton},
	organization = {American Mathematical Society},
	year =         2004,
	month =        aug,
	note =         {\url{http://www.ctan.org/pkg/amslatex}}
}
@Manual{GA,
	title =        {The \textsf{amsart}, \textsf{amsproc}, and
	\textsf{amsbook} document~classes},
	author =       {Michael Downes and Barbara Beeton},
	organization = {American Mathematical Society},
	year =         2004,
	month =        aug,
	note =         {\url{http://www.ctan.org/pkg/amslatex}}
}
@Manual{GA,
	title =        {The \textsf{amsart}, \textsf{amsproc}, and
	\textsf{amsbook} document~classes},
	author =       {Michael Downes and Barbara Beeton},
	organization = {American Mathematical Society},
	year =         2004,
	month =        aug,
	note =         {\url{http://www.ctan.org/pkg/amslatex}}
}
@Manual{clarknet,
  title =        {The \textsf{amsart}, \textsf{amsproc}, and
                  \textsf{amsbook} document~classes},
  author =       {Michael Downes and Barbara Beeton},
  organization = {American Mathematical Society},
  year =         2004,
  month =        aug,
  note =         {\url{http://www.ctan.org/pkg/amslatex}}
}

@Manual{pla,
  title =        {{a}lgorithm2e.sty---package for algorithms},
  author =       {Cristophe Fiorio},
  year =         2015,
  month =        oct,
  note =         {\url{http://www.ctan.org/pkg/algorithm2e}}
}

@Manual{cobra,
  title =        {The algorithms bundle},
  author =       {Rog\'erio Brito},
  year =         2009,
  month =        aug,
  note =         {\url{http://www.ctan.org/pkg/algorithms}}
}

@Manual{prism,
  title =        {The Listings Package},
  author =       {Carsten Heinz and Brooks Moses and Jobst Hoffmann},
  year =         2015,
  month =        jun,
  note =         {\url{http://www.ctan.org/pkg/listings}}
}

@Manual{kalman,
  title =        {Publication quality tables in {\LaTeX}},
  author =       {Simon Fear},
  year =         2005,
  month =        apr,
  note =         {\url{http://www.ctan.org/pkg/booktabs}}
}

@Manual{swim,
  title =        {{ACM} Visual Identity Standards},
  organization = {Association for Computing Machinery},
  year =         2007,
  note =         {\url{http://identitystandards.acm.org}}
}

@Manual{rubis-1,
  title =        {The subcaption package},
  author =       {Axel Sommerfeldt},
  year =         2013,
  month =        apr,
  note =         {\url{http://www.ctan.org/pkg/subcaption}}
}

@Manual{rubis-2,
  title =        {A package to create a nomenclature},
  author =       {Boris Veytsman and Bern Schandl and Lee Netherton
                  and C. V. Radhakrishnan},
  year =         2005,
  month =        sep,
  note =         {\url{http://www.ctan.org/pkg/nomencl}}
}

@Manual{brownout,
  title =        {User Manual for glossaries.sty v4.25},
  author =       {Nicola L. C. Talbot},
  year =         2016,
  month =        jun,
  note =         {\url{http://www.ctan.org/pkg/subcaption}}
}

@Manual{mpc,
  title =        {The \textsl{textcase} package},
  author =       {David Carlisle},
  month =        oct,
  year =         2004,
  note =         {\url{http://www.ctan.org/pkg/textcase}}
}

